@ARTICLE{Carnall2018,
   author = {{Carnall}, A.~C. and {McLure}, R.~J. and {Dunlop}, J.~S. and 
	{Dav{\'e}}, R.},
    title = "{Inferring the star formation histories of massive quiescent galaxies with BAGPIPES: evidence for multiple quenching mechanisms}",
  journal = {\mnras},
archivePrefix = "arXiv",
   eprint = {1712.04452},
 keywords = {methods: statistical, galaxies: evolution, galaxies: star formation},
     year = 2018,
    month = nov,
   volume = 480,
    pages = {4379},
      doi = {10.1093/mnras/sty2169},
   adsurl = {http://adsabs.harvard.edu/abs/2018MNRAS.480.4379C},
  adsnote = {Provided by the SAO/NASA Astrophysics Data System}
}

@ARTICLE{Carnall2019a,
       author = {{Carnall}, Adam C. and {Leja}, Joel and {Johnson}, Benjamin D. and
         {McLure}, Ross J. and {Dunlop}, James S. and {Conroy}, Charlie},
        title = "{How to Measure Galaxy Star Formation Histories. I. Parametric Models}",
      journal = {\apj},
     keywords = {galaxies: evolution, galaxies: fundamental parameters, galaxies: star formation, galaxies: statistics, galaxies: stellar content, Astrophysics - Astrophysics of Galaxies, Astrophysics - Instrumentation and Methods for Astrophysics},
         year = "2019",
        month = "Mar",
       volume = {873},
          eid = {44},
        pages = {44},
          doi = {10.3847/1538-4357/ab04a2},
archivePrefix = {arXiv},
       eprint = {1811.03635},
 primaryClass = {astro-ph.GA},
       adsurl = {https://ui.adsabs.harvard.edu/\#abs/2019ApJ...873...44C},
      adsnote = {Provided by the SAO/NASA Astrophysics Data System}
}


@ARTICLE{Carnall2019b,
       author = {{Carnall}, A.~C. and {McLure}, R.~J. and {Dunlop}, J.~S. and
         {Cullen}, F. and {McLeod}, D.~J. and {Wild}, V. and {Johnson}, B.~D. and
         {Appleby}, S. and {Dav{\'e}}, R. and {Amorin}, R. and {Bolzonella}, M. and
         {Castellano}, M. and {Cimatti}, A. and {Cucciati}, O. and {Marchi}, F. and
         {Gargiulo}, A. and {Garilli}, B. and {Pentericci}, L. and
         {Pozzetti}, L. and {Schreiber}, C. and {Talia}, M. and {Zamorani}, G.},
        title = "{The VANDELS survey: the star-formation histories of massive quiescent galaxies at 1.0 < z < 1.3}",
     keywords = {Astrophysics - Astrophysics of Galaxies, Astrophysics - Instrumentation and Methods for Astrophysics},
         year = "2019",
        month = "Mar",
          eid = {arXiv:1903.11082},
        pages = {arXiv:1903.11082},
archivePrefix = {arXiv},
       eprint = {1903.11082},
 primaryClass = {astro-ph.GA},
       adsurl = {https://ui.adsabs.harvard.edu/\#abs/2019arXiv190311082C},
      adsnote = {Provided by the SAO/NASA Astrophysics Data System}
}




@ARTICLE{Carnall2015,
       author = {{Carnall}, A.~C. and {Shanks}, T. and {Chehade}, B. and {Fumagalli}, M. and
         {Rauch}, M. and {Irwin}, M.~J. and {Gonzalez-Solares}, E. and
         {Findlay}, J.~R. and {Metcalfe}, N.},
        title = "{Two bright z > 6 quasars from VST ATLAS and a new method of optical plus mid-infrared colour selection}",
      journal = {\mnras},
     keywords = {quasars: general, quasars: individual: ATLAS J025.6821-33.4627, quasars: individual: ATLAS J029.9915-36.5658, Astrophysics - Astrophysics of Galaxies, Astrophysics - Cosmology and Nongalactic Astrophysics},
         year = "2015",
        month = "July",
       volume = {451},
        pages = {L16},
          doi = {10.1093/mnrasl/slv057},
archivePrefix = {arXiv},
       eprint = {1502.07748},
 primaryClass = {astro-ph.GA},
       adsurl = {https://ui.adsabs.harvard.edu/\#abs/2015MNRAS.451L..16C},
      adsnote = {Provided by the SAO/NASA Astrophysics Data System}
}


@ARTICLE{Leja2019,
       author = {{Leja}, Joel and {Carnall}, Adam C. and {Johnson}, Benjamin D. and
         {Conroy}, Charlie and {Speagle}, Joshua S.},
        title = "{How to Measure Galaxy Star Formation Histories. II. Nonparametric Models}",
      journal = {\apj},
     keywords = {galaxies: fundamental parameters, galaxies: star formation, Astrophysics - Astrophysics of Galaxies},
         year = "2019",
        month = "May",
       volume = {876},
       number = {1},
          eid = {3},
        pages = {3},
          doi = {10.3847/1538-4357/ab133c},
archivePrefix = {arXiv},
       eprint = {1811.03637},
 primaryClass = {astro-ph.GA},
       adsurl = {https://ui.adsabs.harvard.edu/abs/2019ApJ...876....3L},
      adsnote = {Provided by the SAO/NASA Astrophysics Data System}
}




@ARTICLE{McLure2018,
       author = {{McLure}, R.~J. and {Pentericci}, L. and {Cimatti}, A. and
         {Dunlop}, J.~S. and {Elbaz}, D. and {Fontana}, A. and {Nandra}, K. and
         {Amorin}, R. and {Bolzonella}, M. and {Bongiorno}, A. and
         {Carnall}, A.~C. and {Castellano}, M. and {Cirasuolo}, M. and
         {Cucciati}, O. and {Cullen}, F. and {De Barros}, S. and
         {Finkelstein}, S.~L. and {Fontanot}, F. and {Franzetti}, P. and
         {Fumana}, M. and {Gargiulo}, A. and {Garilli}, B. and {Guaita}, L. and
         {Hartley}, W.~G. and {Iovino}, A. and {Jarvis}, M.~J. and {Juneau}, S. and
         {Karman}, W. and {Maccagni}, D. and {Marchi}, F. and
         {M{\'a}rmol-Queralt{\'o}}, E. and {Pompei}, E. and {Pozzetti}, L. and
         {Scodeggio}, M. and {Sommariva}, V. and {Talia}, M. and {Almaini}, O. and
         {Balestra}, I. and {Bardelli}, S. and {Bell}, E.~F. and {Bourne}, N. and
         {Bowler}, R.~A.~A. and {Brusa}, M. and {Buitrago}, F. and
         {Caputi}, K.~I. and {Cassata}, P. and {Charlot}, S. and {Citro}, A. and
         {Cresci}, G. and {Cristiani}, S. and {Curtis-Lake}, E. and
         {Dickinson}, M. and {Fazio}, G.~G. and {Ferguson}, H.~C. and
         {Fiore}, F. and {Franco}, M. and {Fynbo}, J.~P.~U. and {Galametz}, A. and
         {Georgakakis}, A. and {Giavalisco}, M. and {Grazian}, A. and
         {Hathi}, N.~P. and {Jung}, I. and {Kim}, S. and {Koekemoer}, A.~M. and
         {Khusanova}, Y. and {Le F{\`e}vre}, O. and {Lotz}, J.~M. and
         {Mannucci}, F. and {Maltby}, D.~T. and {Matsuoka}, K. and
         {McLeod}, D.~J. and {Mendez-Hernandez}, H. and {Mendez-Abreu}, J. and
         {Mignoli}, M. and {Moresco}, M. and {Mortlock}, A. and {Nonino}, M. and
         {Pannella}, M. and {Papovich}, C. and {Popesso}, P. and
         {Rosario}, D.~P. and {Salvato}, M. and {Santini}, P. and
         {Schaerer}, D. and {Schreiber}, C. and {Stark}, D.~P. and
         {Tasca}, L.~A.~M. and {Thomas}, R. and {Treu}, T. and {Vanzella}, E. and
         {Wild}, V. and {Williams}, C.~C. and {Zamorani}, G. and {Zucca}, E.},
        title = "{The VANDELS ESO public spectroscopic survey}",
      journal = {\mnras},
     keywords = {surveys, galaxies: evolution, galaxies: high-redshift, galaxies: star formation, Astrophysics - Astrophysics of Galaxies},
         year = "2018",
        month = "September",
       volume = {479},
        pages = {25},
          doi = {10.1093/mnras/sty1213},
archivePrefix = {arXiv},
       eprint = {1803.07414},
 primaryClass = {astro-ph.GA},
       adsurl = {https://ui.adsabs.harvard.edu/\#abs/2018MNRAS.479...25M},
      adsnote = {Provided by the SAO/NASA Astrophysics Data System}
}


@ARTICLE{Pentericci2018,
       author = {{Pentericci}, L. and {McLure}, R.~J. and {Garilli}, B. and
         {Cucciati}, O. and {Franzetti}, P. and {Iovino}, A. and {Amorin}, R. and
         {Bolzonella}, M. and {Bongiorno}, A. and {Carnall}, A.~C. and
         {Castellano}, M. and {Cimatti}, A. and {Cirasuolo}, M. and
         {Cullen}, F. and {De Barros}, S. and {Dunlop}, J.~S. and {Elbaz}, D. and
         {Finkelstein}, S.~L. and {Fontana}, A. and {Fontanot}, F. and
         {Fumana}, M. and {Gargiulo}, A. and {Guaita}, L. and {Hartley}, W.~G. and
         {Jarvis}, M.~J. and {Juneau}, S. and {Karman}, W. and {Maccagni}, D. and
         {Marchi}, F. and {Marmol-Queralto}, E. and {Nandra}, K. and
         {Pompei}, E. and {Pozzetti}, L. and {Scodeggio}, M. and
         {Sommariva}, V. and {Talia}, M. and {Almaini}, O. and {Balestra}, I. and
         {Bardelli}, S. and {Bell}, E.~F. and {Bourne}, N. and
         {Bowler}, R.~A.~A. and {Brusa}, M. and {Buitrago}, F. and
         {Caputi}, K.~I. and {Cassata}, P. and {Charlot}, S. and {Citro}, A. and
         {Cresci}, G. and {Cristiani}, S. and {Curtis-Lake}, E. and
         {Dickinson}, M. and {Fazio}, G.~G. and {Ferguson}, H.~C. and
         {Fiore}, F. and {Franco}, M. and {Fynbo}, J.~P.~U. and {Galametz}, A. and
         {Georgakakis}, A. and {Giavalisco}, M. and {Grazian}, A. and
         {Hathi}, N.~P. and {Jung}, I. and {Kim}, S. and {Koekemoer}, A.~M. and
         {Khusanova}, Y. and {Le F{\`e}vre}, O. and {Lotz}, J.~M. and
         {Mannucci}, F. and {Maltby}, D.~T. and {Matsuoka}, K. and
         {McLeod}, D.~J. and {Mendez-Hernandez}, H. and {Mendez-Abreu}, J. and
         {Mignoli}, M. and {Moresco}, M. and {Mortlock}, A. and {Nonino}, M. and
         {Pannella}, M. and {Papovich}, C. and {Popesso}, P. and
         {Rosario}, D.~P. and {Salvato}, M. and {Santini}, P. and
         {Schaerer}, D. and {Schreiber}, C. and {Stark}, D.~P. and
         {Tasca}, L.~A.~M. and {Thomas}, R. and {Treu}, T. and {Vanzella}, E. and
         {Wild}, V. and {Williams}, C.~C. and {Zamorani}, G. and {Zucca}, E.},
        title = "{The VANDELS ESO public spectroscopic survey: Observations and first data release}",
      journal = {\aap},
     keywords = {surveys, galaxies: general, galaxies: evolution, galaxies: high-redshift, galaxies: fundamental parameters, Astrophysics - Astrophysics of Galaxies},
         year = "2018",
        month = "September",
       volume = 616,
        pages = {174},
          doi = {10.1051/0004-6361/201833047},
archivePrefix = {arXiv},
       eprint = {1803.07373},
 primaryClass = {astro-ph.GA},
       adsurl = {https://ui.adsabs.harvard.edu/\#abs/2018A&A...616A.174P},
      adsnote = {Provided by the SAO/NASA Astrophysics Data System}
}



@ARTICLE{Chehade2018,
       author = {{Chehade}, B. and {Carnall}, A.~C. and {Shanks}, T. and {Diener}, C. and
         {Fumagalli}, M. and {Findlay}, J.~R. and {Metcalfe}, N. and
         {Hennawi}, J. and {Leibler}, C. and {Murphy}, D.~N.~A. and
         {Prochaska}, J.~X. and {Irwin}, M.~J. and {Gonzalez-Solares}, E.},
        title = "{Two more, bright, z > 6 quasars from VST ATLAS and WISE}",
      journal = {\mnras},
     keywords = {quasars: general, quasars: individual: VST-ATLAS J158.6938-14.4211, quasars: individual: VST-ATLAS J332.8017-32.1036, Astrophysics - Astrophysics of Galaxies, Astrophysics - Cosmology and Nongalactic Astrophysics},
         year = "2018",
        month = "August",
       volume = {478},
        pages = {1649},
          doi = {10.1093/mnras/sty690},
archivePrefix = {arXiv},
       eprint = {1803.01424},
 primaryClass = {astro-ph.GA},
       adsurl = {https://ui.adsabs.harvard.edu/\#abs/2018MNRAS.478.1649C},
      adsnote = {Provided by the SAO/NASA Astrophysics Data System}
}


@ARTICLE{Cullen2018,
       author = {{Cullen}, F. and {McLure}, R.~J. and {Khochfar}, S. and {Dunlop}, J.~S. and
         {Dalla Vecchia}, C. and {Carnall}, A.~C. and {Bourne}, N. and
         {Castellano}, M. and {Cimatti}, A. and {Cirasuolo}, M. and {Elbaz}, D. and
         {Fynbo}, J.~P.~U. and {Garilli}, B. and {Koekemoer}, A. and
         {Marchi}, F. and {Pentericci}, L. and {Talia}, M. and {Zamorani}, G.},
        title = "{The VANDELS survey: dust attenuation in star-forming galaxies at z = 3-4}",
      journal = {\mnras},
     keywords = {dust, extinction, galaxies: evolution, galaxies: high redshift, Astrophysics - Astrophysics of Galaxies},
         year = "2018",
        month = "May",
       volume = {476},
        pages = {3218},
          doi = {10.1093/mnras/sty469},
archivePrefix = {arXiv},
       eprint = {1712.01292},
 primaryClass = {astro-ph.GA},
       adsurl = {https://ui.adsabs.harvard.edu/\#abs/2018MNRAS.476.3218C},
      adsnote = {Provided by the SAO/NASA Astrophysics Data System}
}


@ARTICLE{Carnall2017,
       author = {{Carnall}, A.~C.},
        title = "{SpectRes: A Fast Spectral Resampling Tool in Python}",
     keywords = {Astrophysics - Instrumentation and Methods for Astrophysics, Astrophysics - Astrophysics of Galaxies},
         year = "2017",
        month = "May",
          eid = {arXiv:1705.05165},
        pages = {arXiv:1705.05165},
archivePrefix = {arXiv},
       eprint = {1705.05165},
 primaryClass = {astro-ph.IM},
       adsurl = {https://ui.adsabs.harvard.edu/\#abs/2017arXiv170505165C},
      adsnote = {Provided by the SAO/NASA Astrophysics Data System}
}


@ARTICLE{Marchi2019,
       author = {{Marchi}, F. and {Pentericci}, L. and {Guaita}, L. and {Talia}, M. and
         {Castellano}, M. and {Hathi}, N. and {Schaerer}, D. and {Amorin}, R. and
         {Carnall}, A.~C. and {Charlot}, S. and {Chevallard}, J. and
         {Cullen}, F. and {Finkelstein}, S.~L. and {Fontana}, A. and
         {Fontanot}, F. and {Garilli}, B. and {Hibon}, P. and
         {Koekemoer}, A.~M. and {Maccagni}, D. and {McLure}, R.~J. and
         {Papovich}, C. and {Pozzetti}, L. and {Saxena}, A.},
        title = "{The VANDELS survey: the role of ISM and galaxy physical properties on the escape of Ly$\alpha$ emission in $z \sim 3.5$ star-forming galaxies}",
     keywords = {Astrophysics - Astrophysics of Galaxies},
         year = "2019",
        month = "Mar",
          eid = {arXiv:1903.08593},
        pages = {arXiv:1903.08593},
archivePrefix = {arXiv},
       eprint = {1903.08593},
 primaryClass = {astro-ph.GA},
       adsurl = {https://ui.adsabs.harvard.edu/\#abs/2019arXiv190308593M},
      adsnote = {Provided by the SAO/NASA Astrophysics Data System}
}


@ARTICLE{Kemp2019,
       author = {{Kemp}, T.~W. and {Dunlop}, J.~S. and {McLure}, R.~J. and
         {Schreiber}, C. and {Carnall}, A.~C. and {Cullen}, F.},
        title = "{Maximizing the power of deep extragalactic imaging surveys with the James Webb Space Telescope}",
      journal = {\mnras},
     keywords = {telescopes, galaxies: evolution, galaxies: formation, galaxies: high-redshift, galaxies: photometry, Astrophysics - Astrophysics of Galaxies},
         year = "2019",
        month = "Jul",
       volume = {486},
       number = {3},
        pages = {3087-3104},
          doi = {10.1093/mnras/stz1038},
archivePrefix = {arXiv},
       eprint = {1903.08169},
 primaryClass = {astro-ph.GA},
       adsurl = {https://ui.adsabs.harvard.edu/abs/2019MNRAS.486.3087K},
      adsnote = {Provided by the SAO/NASA Astrophysics Data System}
}




@ARTICLE{Cullen2019,
       author = {{Cullen}, F. and {McLure}, R.~J. and {Dunlop}, J.~S. and {Khochfar}, S. and
         {Dav{\'e}}, R. and {Amor{\'\i}n}, R. and {Bolzonella}, M. and
         {Carnall}, A.~C. and {Castellano}, M. and {Cimatti}, A.},
        title = "{The VANDELS survey: the stellar metallicities of star-forming galaxies at 2.5 \&lt; z \&lt; 5.0}",
      journal = {\mnras},
     keywords = {galaxies: evolution, galaxies: high redshift, Astrophysics - Astrophysics of Galaxies},
         year = "2019",
        month = "Aug",
       volume = {487},
       number = {2},
        pages = {2038-2060},
          doi = {10.1093/mnras/stz1402},
archivePrefix = {arXiv},
       eprint = {1903.11081},
 primaryClass = {astro-ph.GA},
       adsurl = {https://ui.adsabs.harvard.edu/abs/2019MNRAS.487.2038C},
      adsnote = {Provided by the SAO/NASA Astrophysics Data System}
}



